,DATE,ID,px_last_splits,px_last_full,cur_mkt_cap,px_volume,spy_splits,spy_tr,eps,sales,cfo_ltm_a,fcf_ltm_a,capex,dvd,opmargin1,book_value,shares_outstanding
0,2018-12-31,IBM US Equity,108.57349188,82.10447062370443,103302588631.59,4982755.0,249.92,227.39950451961633,6.22,80373.0,16861.0,13292.0,-3569.0,-5637.0,14.745001430828761,19919000000.0,915.2
1,2019-01-31,IBM US Equity,128.39314488,97.09231055897202,122160059504.33998,4884031.0,269.93,245.6063870637805,9.52,79591.0,15247.0,11531.0,-3716.0,-5666.0,15.317058461383827,16930000000.0,905.2
2,2019-02-28,IBM US Equity,131.93680332,100.93452705695897,122917225941.28,3457788.0,278.68,253.5679174116785,9.52,79591.0,15247.0,11852.0,-3395.0,-5666.0,15.317058461383827,16930000000.0,905.2
3,2019-03-31,IBM US Equity,134.7736404,103.10476918654102,125560128721.59999,3101454.0,282.48,258.1577763125296,9.52,79591.0,15247.0,11852.0,-3395.0,-5666.0,15.317058461383827,16930000000.0,905.2
4,2019-04-30,IBM US Equity,133.98085428000002,102.49827054426726,124369395795.71,4638828.0,294.02,268.70415389199195,9.479999999999999,78700.0,15404.0,12245.0,-3159.0,-5681.0,16.15374841168996,16606000000.0,893.9
5,2019-05-31,IBM US Equity,121.29627636,93.89654379550232,112594778442.26999,3539343.0,275.27,251.56857506920835,9.479999999999999,78700.0,15404.0,12245.0,-3159.0,-5681.0,16.15374841168996,16606000000.0,893.9
6,2019-06-30,IBM US Equity,131.7171156,101.96340963382758,122268052186.70001,6154039.0,293.0,269.0740276237038,9.479999999999999,78700.0,15404.0,12245.0,-3159.0,-5681.0,16.15374841168996,16606000000.0,893.9
7,2019-07-31,IBM US Equity,141.59351136,109.60881685365196,131322133866.64001,3722907.0,297.43,273.1422799867516,9.68,77858.0,16051.0,13240.0,-2811.0,-5680.0,15.26111639137918,17776000000.0,890.8
8,2019-08-31,IBM US Equity,129.45337692,101.39173582585786,120062660570.33,2960594.0,292.45,268.5689398585398,9.68,77858.0,16051.0,13240.0,-2811.0,-5680.0,15.26111639137918,17776000000.0,890.8
9,2019-09-30,IBM US Equity,138.89994887999998,108.79057200469457,128823965912.62,4004429.0,296.77,273.7942592899923,9.68,77858.0,16051.0,13240.0,-2811.0,-5680.0,15.26111639137918,17776000000.0,890.8
10,2019-10-31,IBM US Equity,127.73408171999999,100.04513267905241,118436296723.42,3412119.0,303.33,279.8463883493391,8.61,77131.0,15438.0,12851.0,-2587.0,-5685.0,13.552268219004032,18096000000.0,892.8
11,2019-11-30,IBM US Equity,128.4217998,101.7717556413764,119073955690.29999,1825255.0,314.31,289.9763238785507,8.61,77131.0,15438.0,12851.0,-2587.0,-5685.0,13.552268219004032,18096000000.0,892.8
12,2019-12-31,IBM US Equity,128.03018256,101.46140666545253,118710844334.15999,3778012.0,321.86,298.40158835090807,8.61,77131.0,15438.0,12851.0,-2587.0,-5685.0,13.552268219004032,18096000000.0,892.8
13,2018-12-31,AAPL US Equity,39.435,37.6657102053023,748539080520.0001,140013864.0,249.92,227.39950451961633,2.9775,265595.0,77434.0,64121.0,-13313.0,-13712.0,26.694026619477025,107147000000.0,19390.188
14,2019-01-31,AAPL US Equity,41.61,39.74312670578491,784811203200.0,162958596.0,269.93,245.6063870637805,3.04,261612.0,75831.0,61973.0,-13858.0,-13941.0,25.9812241028699,117892000000.0,19093.008
15,2019-02-28,AAPL US Equity,43.2875,41.52266581274076,816450732000.0,112861664.0,278.68,253.5679174116785,3.04,261612.0,75831.0,61973.0,-13858.0,-13941.0,25.9812241028699,117892000000.0,19093.008
16,2019-03-31,AAPL US Equity,47.4875,45.55143153987933,895667435999.9999,94255844.0,282.48,258.1577763125296,3.04,261612.0,75831.0,61973.0,-13858.0,-13941.0,25.9812241028699,117892000000.0,19093.008
17,2019-04-30,AAPL US Equity,50.1675,48.12216776576775,946215237599.9999,186139692.0,294.02,268.70415389199195,2.9725,258490.0,71856.0,59830.0,-12026.0,-14194.0,25.335989786838947,105860000000.0,18802.584
18,2019-05-31,AAPL US Equity,43.7675,42.14476349432081,805510200250.0,108174336.0,275.27,251.56857506920835,2.9725,258490.0,71856.0,59830.0,-12026.0,-14194.0,25.335989786838947,105860000000.0,18802.584
19,2019-06-30,AAPL US Equity,49.48,47.645465189901024,910644763999.9999,124442568.0,293.0,269.0740276237038,2.9725,258490.0,71856.0,59830.0,-12026.0,-14194.0,25.335989786838947,105860000000.0,18802.584
20,2019-07-31,AAPL US Equity,53.26,51.285316815160236,962766107200.0,277125444.0,297.43,273.1422799867516,2.9325,259034.0,69004.0,58245.0,-10759.0,-14170.0,24.870480323046394,96456000000.0,18405.52
21,2019-08-31,AAPL US Equity,52.185,50.44109336488135,943333633200.0001,84650244.0,292.45,268.5689398585398,2.9325,259034.0,69004.0,58245.0,-10759.0,-14170.0,24.870480323046394,96456000000.0,18405.52
22,2019-09-30,AAPL US Equity,55.9925,54.12135518315835,1012160744600.0001,105274332.0,296.77,273.7942592899923,2.9325,259034.0,69004.0,58245.0,-10759.0,-14170.0,24.870480323046394,96456000000.0,18405.52
23,2019-10-31,AAPL US Equity,62.19,60.111748517044575,1105306601400.0,139162080.0,303.33,279.8463883493391,2.9725,260174.0,69391.0,58896.0,-10495.0,-14119.0,24.57201718849693,90488000000.0,18081.492
24,2019-11-30,AAPL US Equity,66.8125,64.77364235954863,1187462571250.0,46617452.0,314.31,289.9763238785507,2.9725,260174.0,69391.0,58896.0,-10495.0,-14119.0,24.57201718849693,90488000000.0,18081.492
25,2019-12-31,AAPL US Equity,73.4125,71.172236029491,1304764767250.0,100990500.0,321.86,298.40158835090807,2.9725,260174.0,69391.0,58896.0,-10495.0,-14119.0,24.57201718849693,90488000000.0,18081.492
26,2019-12-31,IBM US Equity,128.03018256,101.46140666545253,118710844334.15999,3778012.0,321.86,298.40158835090807,8.61,77131.0,15438.0,12851.0,-2587.0,-5685.0,13.552268219004032,18096000000.0,892.8
27,2020-01-31,IBM US Equity,137.28572172,108.79623977936058,127292671263.42,18994560.0,321.73,298.28106325774434,10.56,77147.0,14770.0,12400.0,-2370.0,-5707.0,12.82616303939233,20984000000.0,893.7
28,2020-02-29,IBM US Equity,124.3145946,99.54558016319098,115626304193.45,13012228.0,296.26,274.66741615870245,10.56,77147.0,14770.0,12484.0,-2286.0,-5707.0,12.82616303939233,20984000000.0,893.7
29,2020-03-31,IBM US Equity,105.95634252,84.8451110833867,98551101991.39,6346676.0,257.75,240.3688908976619,10.56,77147.0,14770.0,12484.0,-2286.0,-5707.0,12.82616303939233,20984000000.0,893.7
30,2020-04-30,IBM US Equity,119.93039184,96.03490622581843,111483714120.92,6635783.0,290.48,270.8917766360925,10.1,76537.0,14487.0,12110.0,-2377.0,-5750.0,10.870559337313978,20128000000.0,895.0
31,2020-05-31,IBM US Equity,119.2999836,96.81130423772001,110897705429.30002,7930467.0,304.32,283.79849031222676,10.1,76537.0,14487.0,12110.0,-2377.0,-5750.0,10.870559337313978,20128000000.0,895.0
32,2020-06-30,IBM US Equity,115.35515628,93.61009778053996,107230711646.89,3919469.0,308.36,288.8317176077133,10.1,76537.0,14487.0,12110.0,-2377.0,-5750.0,10.870559337313978,20128000000.0,895.0
33,2020-07-31,IBM US Equity,117.42786216,95.29208761397355,109487751279.12,5277652.0,326.52,305.8416540189081,8.81,75499.0,15122.0,12743.0,-2379.0,-5764.0,10.65312123339382,20688000000.0,894.9
34,2020-08-31,IBM US Equity,117.78127284,96.83031347862962,109817265415.88,4827879.0,349.31,327.1883748785519,8.81,75499.0,15122.0,12743.0,-2379.0,-5764.0,10.65312123339382,20688000000.0,894.9
35,2020-09-30,IBM US Equity,116.21480388,95.54248837032573,108356716269.16,3261235.0,334.89,314.9375571422595,8.81,75499.0,15122.0,12743.0,-2379.0,-5764.0,10.65312123339382,20688000000.0,894.9
36,2020-10-31,IBM US Equity,106.65361224,87.68204365439772,99495437572.56,7923882.0,326.54,307.0850425788571,8.830000000000002,75031.0,15788.0,13272.0,-2516.0,-5781.0,11.397955511721822,21334000000.0,897.3
37,2020-11-30,IBM US Equity,117.98185728,98.40167302578706,110063374968.31999,5987991.0,362.06,340.48879315275616,8.830000000000002,75031.0,15788.0,13272.0,-2516.0,-5781.0,11.397955511721822,21334000000.0,897.3
38,2020-12-31,IBM US Equity,120.23604431999999,100.28175680445335,112166269762.07999,3574696.0,373.88,353.1034925852978,8.830000000000002,75031.0,15788.0,13272.0,-2516.0,-5781.0,11.397955511721822,21334000000.0,897.3
39,2019-12-31,AAPL US Equity,73.4125,71.172236029491,1304764767250.0,100990500.0,321.86,298.40158835090807,2.9725,260174.0,69391.0,58896.0,-10495.0,-14119.0,24.57201718849693,90488000000.0,18081.492
40,2020-01-31,AAPL US Equity,77.3775,75.0162396509033,1354254814799.9998,199588384.0,321.73,298.28106325774434,3.165,267683.0,73217.0,63970.0,-9247.0,-14090.0,24.713186866554842,89531000000.0,17818.416
41,2020-02-29,AAPL US Equity,68.34,66.41179212433501,1196081212799.9998,426884920.0,296.26,274.66741615870245,3.165,267683.0,73217.0,63970.0,-9247.0,-14090.0,24.713186866554842,89531000000.0,17818.416
42,2020-03-31,AAPL US Equity,63.5725,61.77880677237763,1112640809199.9998,197002004.0,257.75,240.3688908976619,3.165,267683.0,73217.0,63970.0,-9247.0,-14090.0,24.713186866554842,89531000000.0,17818.416
43,2020-04-30,AAPL US Equity,73.45,71.37761386497522,1285516024000.0,183063872.0,290.48,270.8917766360925,3.1875,267981.0,75373.0,66636.0,-8737.0,-14022.0,24.475988969367233,78425000000.0,17618.764
44,2020-05-31,AAPL US Equity,79.485,77.45145573180406,1378058469900.0,153598128.0,304.32,283.79849031222676,3.1875,267981.0,75373.0,66636.0,-8737.0,-14022.0,24.475988969367233,78425000000.0,17618.764
45,2020-06-30,AAPL US Equity,91.2,88.86673916764838,1581165408000.0,140223284.0,308.36,288.8317176077133,3.1875,267981.0,75373.0,66636.0,-8737.0,-14022.0,24.475988969367233,78425000000.0,17618.764
46,2020-07-31,AAPL US Equity,106.26,103.54144412230606,1817315475360.0,374295468.0,326.52,305.8416540189081,3.2875,273857.0,80008.0,71706.0,-8302.0,-14049.0,24.51571440569348,72282000000.0,17419.152
47,2020-08-31,AAPL US Equity,129.04,125.96537827512049,2206911245439.9995,225768339.0,349.31,327.1883748785519,3.2875,273857.0,80008.0,71706.0,-8302.0,-14049.0,24.51571440569348,72282000000.0,17419.152
48,2020-09-30,AAPL US Equity,115.81,113.05060801334237,1980644694160.0,142675184.0,334.89,314.9375571422595,3.2875,273857.0,80008.0,71706.0,-8302.0,-14049.0,24.51571440569348,72282000000.0,17419.152
49,2020-10-31,AAPL US Equity,108.86,106.2662048901861,1850816165720.0,190573476.0,326.54,307.0850425788571,3.28,274515.0,80674.0,73365.0,-7309.0,-14081.0,24.147314354406863,65339000000.0,17256.521
50,2020-11-30,AAPL US Equity,119.05,116.41387358408963,2024064528100.0,169410176.0,362.06,340.48879315275616,3.28,274515.0,80674.0,73365.0,-7309.0,-14081.0,24.147314354406863,65339000000.0,17256.521
51,2020-12-31,AAPL US Equity,132.69,129.75184280447593,2255969107380.0,99116586.0,373.88,353.1034925852978,3.28,274515.0,80674.0,73365.0,-7309.0,-14081.0,24.147314354406863,65339000000.0,17256.521
52,2020-12-31,IBM US Equity,120.23604431999999,100.28175680445335,112166269762.07999,3574696.0,373.88,353.1034925852978,8.830000000000002,75031.0,15788.0,13272.0,-2516.0,-5781.0,11.397955511721822,21334000000.0,897.3
53,2021-01-31,IBM US Equity,113.76958404,94.88846562582172,106133813086.76,11825496.0,370.07,349.50521424264787,6.23,73620.0,18196.0,15154.0,-3042.0,-5797.0,8.367291496875849,20727000000.0,899.0
54,2021-02-28,IBM US Equity,113.59765452,96.01116868688898,106275145123.70001,9050990.0,380.36,359.22339905783645,6.23,73621.0,18197.0,15579.0,-2618.0,-5797.0,8.367177843278412,20727000000.0,899.0
55,2021-03-31,IBM US Equity,127.28515463999999,107.57965474829584,119080348433.4,4945315.0,396.33,375.53168174582663,6.23,73621.0,18197.0,15579.0,-2618.0,-5797.0,8.367177843278412,20727000000.0,899.0
56,2021-04-30,IBM US Equity,135.51866832,114.53850679639959,126773018836.64,8872181.0,417.3,395.4012332968322,5.98,73780.0,18635.0,16153.0,-2482.0,-5814.0,9.783139062076444,21513000000.0,901.7
57,2021-05-31,IBM US Equity,137.29527336,117.33663869686224,128434971296.72,2534811.0,420.04,397.99744556434547,5.98,73780.0,18635.0,16153.0,-2482.0,-5814.0,9.783139062076444,21513000000.0,901.7
58,2021-06-30,IBM US Equity,140.01749076000002,119.66312694151273,130981511356.52,3245091.0,428.06,406.92355553641573,5.98,73780.0,18635.0,16153.0,-2482.0,-5814.0,9.783139062076444,21513000000.0,901.7
59,2021-07-31,IBM US Equity,134.63991744,115.06729226874704,126345277490.08,3535555.0,438.51,416.8575628142636,5.93,74402.0,17684.0,15227.0,-2457.0,-5831.0,9.89355124862235,22067000000.0,904.2
60,2021-08-31,IBM US Equity,134.04771576000002,115.88012663797086,125789559044.81999,4235101.0,451.56,429.26318912774815,5.93,74402.0,17684.0,15227.0,-2457.0,-5831.0,9.89355124862235,22067000000.0,904.2
61,2021-09-30,IBM US Equity,132.70093452,114.71587568628539,124525747741.89001,5824431.0,429.14,409.2573961823174,5.93,74402.0,17684.0,15227.0,-2457.0,-5831.0,9.89355124862235,22067000000.0,904.2
62,2021-10-31,IBM US Equity,119.49101639999999,103.29630784103003,112129641132.29999,5916789.0,459.25,437.97236145949864,5.29,74460.0,16112.0,13742.0,-2370.0,-5849.0,9.10958904109589,22357000000.0,906.0
63,2021-11-30,IBM US Equity,117.1,102.58012277344018,105015320985.0,9252701.0,455.56,434.45332386824003,5.29,74460.0,16112.0,13822.0,-2290.0,-5849.0,9.10958904109589,22357000000.0,906.0
64,2021-12-31,IBM US Equity,133.66,117.08675670280114,119866334781.0,3362060.0,474.96,454.5490551978899,5.29,74460.0,16112.0,13822.0,-2290.0,-5849.0,9.10958904109589,22357000000.0,906.0
65,2020-12-31,AAPL US Equity,132.69,129.75184280447593,2255969107380.0,99116586.0,373.88,353.1034925852978,3.28,274515.0,80674.0,73365.0,-7309.0,-14081.0,24.147314354406863,65339000000.0,17256.521
66,2021-01-31,AAPL US Equity,131.96,129.03800720837017,2215357148160.0005,177523812.0,370.07,349.50521424264787,3.6925,294135.0,88921.0,80219.0,-8702.0,-14155.0,25.24453057269621,66224000000.0,17113.688
67,2021-02-28,AAPL US Equity,121.26,118.75211566860371,2035724520960.0002,164560394.0,380.36,359.22339905783645,3.6925,294135.0,88921.0,80219.0,-8702.0,-14155.0,25.24453057269621,66224000000.0,17113.688
68,2021-03-31,AAPL US Equity,122.15,119.62370879861403,2050665926400.0002,118323826.0,396.33,375.53168174582663,3.6925,294135.0,88921.0,80219.0,-8702.0,-14155.0,25.24453057269621,66224000000.0,17113.688
69,2021-04-30,AAPL US Equity,131.46,128.74116052939672,2193755971260.0005,109839466.0,417.3,395.4012332968322,4.455,325406.0,99591.0,90473.0,-9118.0,-14227.0,27.32063944733656,69178000000.0,16929.157
70,2021-05-31,AAPL US Equity,124.61,122.24015067823794,2079445698910.0,71311109.0,420.04,397.99744556434547,4.455,325406.0,99591.0,90473.0,-9118.0,-14227.0,27.32063944733656,69178000000.0,16929.157
71,2021-06-30,AAPL US Equity,136.96,134.3552767586187,2285537941760.0005,63261393.0,428.06,406.92355553641573,4.455,325406.0,99591.0,90473.0,-9118.0,-14227.0,27.32063944733656,69178000000.0,16929.157
72,2021-07-31,AAPL US Equity,145.86,143.08601539144362,2411090012760.0005,70440626.0,438.51,416.8575628142636,5.109999999999999,347155.0,104414.0,94768.0,-9646.0,-14338.0,28.78771730206968,64280000000.0,16781.735
73,2021-08-31,AAPL US Equity,151.83,149.16562892939666,2509775103780.0005,86453117.0,451.56,429.26318912774815,5.109999999999999,347155.0,104414.0,94768.0,-9646.0,-14338.0,28.78771730206968,64280000000.0,16781.735
74,2021-09-30,AAPL US Equity,141.5,139.0169037312102,2339018489000.0,89056664.0,429.14,409.2573961823174,5.109999999999999,347155.0,104414.0,94768.0,-9646.0,-14338.0,28.78771730206968,64280000000.0,16781.735
75,2021-10-31,AAPL US Equity,149.8,147.17125214795246,2457678270600.0005,124953168.0,459.25,437.97236145949864,5.61,365817.0,104038.0,92953.0,-11085.0,-14467.0,29.782377527561593,63090000000.0,16635.097
76,2021-11-30,AAPL US Equity,165.3,162.63621316589746,2711977424100.0005,174048056.0,455.56,434.45332386824003,5.61,365817.0,104038.0,92953.0,-11085.0,-14467.0,29.782377527561593,63090000000.0,16635.097
77,2021-12-31,AAPL US Equity,177.57,174.70848379835698,2913283915290.0,64062261.0,474.96,454.5490551978899,5.61,365817.0,104038.0,92953.0,-11085.0,-14467.0,29.782377527561593,63090000000.0,16635.097
78,2021-12-31,IBM US Equity,133.66,117.08675670280114,119866334781.0,3362060.0,474.96,454.5490551978899,5.29,74460.0,16112.0,13822.0,-2290.0,-5849.0,9.10958904109589,22357000000.0,906.0
79,2022-01-31,IBM US Equity,133.57,117.00791630101116,119785622749.49998,5859043.0,449.91,430.5755546237213,6.41,57351.0,12796.0,10415.0,-2381.0,-5869.0,10.903035692490105,18996000000.0,906.6
80,2022-02-28,IBM US Equity,122.51,108.61200703319291,110174466384.86,6757332.0,436.63,417.86624972851325,6.35,57351.0,12796.0,10734.0,-2062.0,-5869.0,10.903035692490105,18996000000.0,906.6
81,2022-03-31,IBM US Equity,130.02,115.27004452253483,116928284379.72,4274029.0,451.64,433.573988195034,6.35,57351.0,12796.0,10734.0,-2062.0,-5869.0,10.903035692490105,18996000000.0,906.6
82,2022-04-30,IBM US Equity,132.21,117.21160272515252,118914344318.25,5078660.0,412.0,395.5196243387522,6.13,67254.0,11130.0,9281.0,-1849.0,-5887.0,11.499687750914443,19112000000.0,909.2
83,2022-05-31,IBM US Equity,138.84,124.58259308656218,124877600523.0,7978053.0,412.93,396.412423490779,6.13,67254.0,11130.0,9281.0,-1849.0,-5887.0,11.499687750914443,19112000000.0,909.2
84,2022-06-30,IBM US Equity,141.19,126.6912728168519,126991273536.75,4878020.0,377.25,363.7240330900929,6.13,67254.0,11130.0,9281.0,-1849.0,-5887.0,11.499687750914443,19112000000.0,909.2
85,2022-07-31,IBM US Equity,130.79,117.35924337216558,118126958368.87,5786815.0,411.99,397.2184609484093,6.1899999999999995,64044.0,9826.0,8198.0,-1628.0,-5908.0,11.684154643682469,19477000000.0,910.7
86,2022-08-31,IBM US Equity,128.45,116.71166326140961,116013516342.84998,3490380.0,395.18,381.0111687118435,6.1899999999999995,64044.0,9826.0,8198.0,-1628.0,-5908.0,11.684154643682469,19477000000.0,910.7
87,2022-09-30,IBM US Equity,118.81,107.95260966981765,107306857739.93,5346108.0,357.18,345.78859220524,6.1899999999999995,64044.0,9826.0,8198.0,-1628.0,-5908.0,11.684154643682469,19477000000.0,910.7
88,2022-10-31,IBM US Equity,138.29,125.65243995656155,125031634739.26999,4915270.0,386.21,373.8927493017127,1.4000000000000004,60533.0,9014.0,7627.0,-1387.0,-5928.0,11.929030446202898,20147000000.0,904.1
89,2022-11-30,IBM US Equity,148.9,136.90587562705753,134624415450.70001,6377582.0,407.68,394.6780146431275,1.4000000000000004,60533.0,9014.0,7627.0,-1387.0,-5928.0,11.929030446202898,20147000000.0,904.1
90,2022-12-31,IBM US Equity,140.89,129.54109346605867,127382363283.06998,2858110.0,382.43,371.9337846877762,1.4000000000000004,60533.0,9014.0,7627.0,-1387.0,-5928.0,11.929030446202898,20147000000.0,904.1
91,2021-12-31,AAPL US Equity,177.57,174.70848379835698,2913283915290.0,64062261.0,474.96,454.5490551978899,5.61,365817.0,104038.0,92953.0,-11085.0,-14467.0,29.782377527561593,63090000000.0,16635.097
92,2022-01-31,AAPL US Equity,174.78,171.96344426579284,2852311897980.0005,115541590.0,449.91,430.5755546237213,6.039999999999999,378323.0,112241.0,101853.0,-10388.0,-14586.0,30.90031533900926,71932000000.0,16519.291
93,2022-02-28,AAPL US Equity,165.12,162.6660250250477,2694666097920.0,95056629.0,436.63,417.86624972851325,6.039999999999999,378323.0,112241.0,101853.0,-10388.0,-14586.0,30.90031533900926,71932000000.0,16519.291
94,2022-03-31,AAPL US Equity,174.61,172.01498685576306,2849537593010.0005,103049285.0,451.64,433.573988195034,6.039999999999999,378323.0,112241.0,101853.0,-10388.0,-14586.0,30.90031533900926,71932000000.0,16519.291
95,2022-04-30,AAPL US Equity,157.65,155.3070424248957,2551593784650.0005,131747571.0,412.0,395.5196243387522,6.16,386017.0,116426.0,105793.0,-10633.0,-14734.0,30.92584005367639,67399000000.0,16403.316
96,2022-05-31,AAPL US Equity,148.84,146.84339385136786,2409002340040.0,103718416.0,412.93,396.412423490779,6.16,386017.0,116426.0,105793.0,-10633.0,-14734.0,30.92584005367639,67399000000.0,16403.316
97,2022-06-30,AAPL US Equity,136.72,134.88597693737574,2212837946320.0,98964467.0,377.25,363.7240330900929,6.16,386017.0,116426.0,105793.0,-10633.0,-14734.0,30.92584005367639,67399000000.0,16403.316
98,2022-07-31,AAPL US Equity,162.51,160.33001837399743,2611657907520.0,101786860.0,411.99,397.2184609484093,6.0600000000000005,387542.0,118224.0,107582.0,-10642.0,-14778.0,30.5332067234003,58107000000.0,16262.203
99,2022-08-31,AAPL US Equity,157.22,155.32641853605998,2526643629440.0,87991091.0,395.18,381.0111687118435,6.0600000000000005,387542.0,118224.0,107582.0,-10642.0,-14778.0,30.5332067234003,58107000000.0,16262.203
100,2022-09-30,AAPL US Equity,138.2,136.53549829336905,2220977926400.0,124925274.0,357.18,345.78859220524,6.0600000000000005,387542.0,118224.0,107582.0,-10642.0,-14778.0,30.5332067234003,58107000000.0,16262.203
101,2022-10-31,AAPL US Equity,153.34,151.49314984301893,2439350814120.0,97943171.0,386.21,373.8927493017127,6.11,394328.0,122151.0,111443.0,-10708.0,-14841.0,30.288744395528592,50672000000.0,16118.465
102,2022-11-30,AAPL US Equity,148.03,146.48969121495753,2354878707540.0,111380880.0,407.68,394.6780146431275,6.11,394328.0,122151.0,111443.0,-10708.0,-14841.0,30.288744395528592,50672000000.0,16118.465
103,2022-12-31,AAPL US Equity,129.93,128.57802863986643,2066941771740.0002,77034209.0,382.43,371.9337846877762,6.11,394328.0,122151.0,111443.0,-10708.0,-14841.0,30.288744395528592,50672000000.0,16118.465
104,2022-12-31,IBM US Equity,140.89,129.54109346605867,127382363283.06998,2858110.0,382.43,371.9337846877762,1.4000000000000004,60533.0,9014.0,7627.0,-1387.0,-5928.0,11.929030446202898,20147000000.0,904.1
105,2023-01-31,IBM US Equity,134.73,123.87729095522808,121812944886.98999,7206448.0,406.48,395.32370577592576,1.8,60530.0,10435.0,8575.0,-1860.0,-5948.0,12.40872294729886,22021000000.0,915.9
106,2023-02-28,IBM US Equity,129.3,120.34495146089583,117288755502.3,5143133.0,396.26,385.38420500582635,1.8,60530.0,10435.0,9089.0,-1346.0,-5948.0,12.40872294729886,22021000000.0,915.9
107,2023-03-31,IBM US Equity,131.09,122.01097979125163,118912474545.99,4524686.0,409.39,399.6733958509224,1.8,60530.0,10435.0,9089.0,-1346.0,-5948.0,12.40872294729886,22021000000.0,915.9
108,2023-04-30,IBM US Equity,126.41,117.65510683814261,114786020783.74,5061247.0,415.93,406.0581732242463,1.9599999999999997,60585.0,10961.0,9596.0,-1365.0,-5970.0,12.303375422959478,21673000000.0,917.8
109,2023-05-31,IBM US Equity,128.59,121.31606833246583,116765559786.26001,11590211.0,417.85,407.93260327880006,1.9599999999999997,60585.0,10961.0,9596.0,-1365.0,-5970.0,12.303375422959478,21673000000.0,917.8
110,2023-06-30,IBM US Equity,133.81,126.24078935817133,121505556847.34001,4236677.0,443.28,434.3670657224078,1.9599999999999997,60585.0,10961.0,9596.0,-1365.0,-5970.0,12.303375422959478,21673000000.0,917.8
111,2023-07-31,IBM US Equity,144.18,136.02419108931426,131348879683.20001,6138902.0,457.79,448.58531631713834,2.1499999999999995,60525.0,12278.0,10888.0,-1390.0,-5992.0,12.566707971912432,22271000000.0,919.5
112,2023-08-31,IBM US Equity,146.83,140.11841614855663,133763046219.20001,3885949.0,450.35,441.2949107744233,2.1499999999999995,60525.0,12278.0,10888.0,-1390.0,-5992.0,12.566707971912432,22271000000.0,919.5
113,2023-09-30,IBM US Equity,140.3,133.88690176150988,127814175472.00002,5703983.0,427.48,420.3623264538046,2.1499999999999995,60525.0,12278.0,10888.0,-1390.0,-5992.0,12.566707971912432,22271000000.0,919.5
114,2023-10-31,IBM US Equity,144.64,138.0285208181382,132073471555.84,6592041.0,418.2,411.23684130949067,7.53,61170.0,13433.0,12079.0,-1354.0,-6016.0,13.173124080431583,23156000000.0,923.7
115,2023-11-30,IBM US Equity,158.56,153.0282984212111,144784082203.36,6740622.0,456.4,448.80079955440345,7.53,61170.0,13433.0,12079.0,-1354.0,-6016.0,13.173124080431583,23156000000.0,923.7
116,2023-12-31,IBM US Equity,163.55,157.84421169771113,149340543922.55002,2526169.0,475.31,469.2909390472002,7.53,61170.0,13433.0,12079.0,-1354.0,-6016.0,13.173124080431583,23156000000.0,923.7
117,2022-12-31,AAPL US Equity,129.93,128.57802863986643,2066941771740.0002,77034209.0,382.43,371.9337846877762,6.11,394328.0,122151.0,111443.0,-10708.0,-14841.0,30.288744395528592,50672000000.0,16118.465
118,2023-01-31,AAPL US Equity,144.29,142.78860734585032,2285007173770.0,65874459.0,406.48,395.32370577592576,6.11,394328.0,122151.0,111443.0,-10708.0,-14841.0,30.288744395528592,50672000000.0,16118.465
119,2023-02-28,AAPL US Equity,147.41,146.09879711897364,2332313059860.0,50546998.0,396.26,385.38420500582635,5.890000000000001,387537.0,109190.0,97498.0,-11692.0,-14877.0,29.407514637312048,56727000000.0,15955.718
120,2023-03-31,AAPL US Equity,164.9,163.4332246449953,2609038895400.0005,68749792.0,409.39,399.6733958509224,5.890000000000001,387537.0,109190.0,97498.0,-11692.0,-14877.0,29.407514637312048,56727000000.0,15955.718
121,2023-04-30,AAPL US Equity,169.68,168.170706839071,2684667797280.0,55275851.0,415.93,406.0581732242463,5.890000000000001,387537.0,109190.0,97498.0,-11692.0,-14877.0,29.407514637312048,56727000000.0,15955.718
122,2023-05-31,AAPL US Equity,177.25,175.9163125824697,2787912429500.0,99625288.0,417.85,407.93260327880006,5.89,385095.0,109584.0,97490.0,-12094.0,-14932.0,29.162674145340763,62158000000.0,15847.05
123,2023-06-30,AAPL US Equity,193.97,192.51050579194157,3050896326940.0,85213216.0,443.28,434.3670657224078,5.89,385095.0,109584.0,97490.0,-12094.0,-14932.0,29.162674145340763,62158000000.0,15847.05
124,2023-07-31,AAPL US Equity,196.45,194.9718454545905,3089903507899.9995,38824113.0,457.79,448.58531631713834,5.89,385095.0,109584.0,97490.0,-12094.0,-14932.0,29.162674145340763,62158000000.0,15847.05
125,2023-08-31,AAPL US Equity,187.87,186.70827366353365,2937203165840.0,60794467.0,450.35,441.2949107744233,5.95,383933.0,113072.0,100987.0,-12085.0,-14970.0,29.23062096772093,60274000000.0,15775.021
126,2023-09-30,AAPL US Equity,171.21,170.1512936282195,2676736860720.0,51861083.0,427.48,420.3623264538046,5.95,383933.0,113072.0,100987.0,-12085.0,-14970.0,29.23062096772093,60274000000.0,15775.021
127,2023-10-31,AAPL US Equity,170.77,169.7140144436134,2669857798640.0,44846017.0,418.2,411.23684130949067,5.95,383933.0,113072.0,100987.0,-12085.0,-14970.0,29.23062096772093,60274000000.0,15775.021
128,2023-11-30,AAPL US Equity,189.95,189.02416743146605,2954245242400.0,48794366.0,456.4,448.80079955440345,6.13,383285.0,110543.0,99584.0,-10959.0,-15025.0,29.821412265024723,62146000000.0,15672.4
129,2023-12-31,AAPL US Equity,192.53,191.59159229049834,2994371342560.0005,42672148.0,475.31,469.2909390472002,6.13,383285.0,110543.0,99584.0,-10959.0,-15025.0,29.821412265024723,62146000000.0,15672.4
130,2023-12-31,IBM US Equity,163.55,157.84421169771113,149340543922.55002,2526169.0,475.31,469.2909390472002,7.53,61170.0,13433.0,12079.0,-1354.0,-6016.0,13.173124080431583,23156000000.0,923.7
131,2024-01-31,IBM US Equity,183.66,177.25263173587055,167703358586.45996,8876055.0,482.88,476.76507678591247,8.14,61860.0,13931.0,12443.0,-1488.0,-6040.0,13.776268994503718,22613000000.0,927.3
132,2024-02-29,IBM US Equity,185.03,180.2027883730881,169625299225.44,6458487.0,508.08,501.64595802971,8.14,61860.0,13931.0,12686.0,-1245.0,-6040.0,13.776268994503718,22613000000.0,927.3
133,2024-03-31,IBM US Equity,190.96,185.97808175822792,175061596174.08002,3742169.0,523.07,518.0505355320835,8.14,61860.0,13931.0,12686.0,-1245.0,-6040.0,13.776268994503718,22613000000.0,927.3
134,2024-04-30,IBM US Equity,166.2,161.86404057508105,152671763089.19998,6011634.0,501.98,497.16291858908977,8.83,62071.0,14325.0,13141.0,-1184.0,-6065.0,13.687551352483446,23333000000.0,933.4
135,2024-05-31,IBM US Equity,166.85,164.1101212333005,153268854822.1,4905002.0,527.37,522.3092720353964,8.83,62071.0,14325.0,13141.0,-1184.0,-6065.0,13.687551352483446,23333000000.0,933.4
136,2024-06-30,IBM US Equity,172.95,170.1099518567535,158872331084.69998,4193459.0,544.22,540.7365855645312,8.83,62071.0,14325.0,13141.0,-1184.0,-6065.0,13.687551352483446,23333000000.0,933.4
137,2024-07-31,IBM US Equity,192.14,188.98482885086221,176989414187.3,5558405.0,550.81,547.2844046429742,9.07,62366.0,13753.0,12713.0,-1040.0,-6091.0,14.036494243658403,24103000000.0,934.4
138,2024-08-31,IBM US Equity,202.13,200.54954553,186191684655.35,4750999.0,563.68,560.072027031375,9.07,62366.0,13753.0,12713.0,-1040.0,-6091.0,14.036494243658403,24103000000.0,934.4
139,2024-09-30,IBM US Equity,221.08,219.35137548,203647442950.6,3544264.0,573.76,571.8356089600001,9.07,62366.0,13753.0,12713.0,-1040.0,-6091.0,14.036494243658403,24103000000.0,934.4
140,2024-10-31,IBM US Equity,206.72,205.10365632,191142645821.44,5925250.0,568.64,566.73278144,6.87,62582.0,13578.0,12533.0,-1045.0,-6119.0,13.593365504458152,24530000000.0,923.6
141,2024-11-30,IBM US Equity,227.41,227.41,210273554016.32,2640253.0,602.55,600.5290473,6.87,62582.0,13578.0,12533.0,-1045.0,-6119.0,13.593365504458152,24530000000.0,923.6
142,2024-12-31,IBM US Equity,219.83,219.83,203264743764.16003,2270512.0,586.08,586.08,6.87,62582.0,13578.0,12533.0,-1045.0,-6119.0,13.593365504458152,24530000000.0,923.6
143,2023-12-31,AAPL US Equity,192.53,191.59159229049834,2994371342560.0005,42672148.0,475.31,469.2909390472002,6.13,383285.0,110543.0,99584.0,-10959.0,-15025.0,29.821412265024723,62146000000.0,15672.4
144,2024-01-31,AAPL US Equity,184.4,183.5012186068036,2851173622400.0,55467803.0,482.88,476.76507678591247,6.13,383285.0,110543.0,99584.0,-10959.0,-15025.0,29.821412265024723,62146000000.0,15672.4
145,2024-02-29,AAPL US Equity,180.75,180.09845445038277,2791119990750.0,136682597.0,508.08,501.64595802971,6.42,385706.0,116433.0,106869.0,-9564.0,-15082.0,30.763846038174155,74100000000.0,15576.641
146,2024-03-31,AAPL US Equity,171.48,170.86186981550006,2647973753879.9995,65672690.0,523.07,518.0505355320835,6.42,385706.0,116433.0,106869.0,-9564.0,-15082.0,30.763846038174155,74100000000.0,15576.641
147,2024-04-30,AAPL US Equity,170.33,169.71601519520718,2630215590730.0005,65934776.0,501.98,497.16291858908977,6.42,385706.0,116433.0,106869.0,-9564.0,-15082.0,30.763846038174155,74100000000.0,15576.641
148,2024-05-31,AAPL US Equity,192.25,191.81672049285902,2947977264500.0,75158277.0,527.37,522.3092720353964,6.43,381623.0,110563.0,101919.0,-8644.0,-15142.0,30.98345749601046,74194000000.0,15464.709
149,2024-06-30,AAPL US Equity,210.62,210.14531948091528,3229664350840.0,82542718.0,544.22,540.7365855645312,6.43,381623.0,110563.0,101919.0,-8644.0,-15142.0,30.98345749601046,74194000000.0,15464.709
150,2024-07-31,AAPL US Equity,222.08,221.57949174020354,3405392930560.0,50036262.0,550.81,547.2844046429742,6.43,381623.0,110563.0,101919.0,-8644.0,-15142.0,30.98345749601046,74194000000.0,15464.709
151,2024-08-31,AAPL US Equity,229.0,228.748329,3481747373000.0,52990770.0,563.68,560.072027031375,6.569999999999999,385603.0,113041.0,104339.0,-8702.0,-15188.0,31.274134278000947,66708000000.0,15348.175
152,2024-09-30,AAPL US Equity,233.0,232.743933,3542563921000.0,54793391.0,573.76,571.8356089600001,6.569999999999999,385603.0,113041.0,104339.0,-8702.0,-15188.0,31.274134278000947,66708000000.0,15348.175
153,2024-10-31,AAPL US Equity,225.91,225.66172491,3434766589670.0,64370086.0,568.64,566.73278144,6.08,391035.0,118254.0,108807.0,-9447.0,-15234.0,31.510222870075566,56950000000.0,15242.853
154,2024-11-30,AAPL US Equity,237.33,237.33,3587438272590.0,28481377.0,602.55,600.5290473,6.08,391035.0,118254.0,108807.0,-9447.0,-15234.0,31.510222870075566,56950000000.0,15242.853
155,2024-12-31,AAPL US Equity,250.42,250.42,3785304395660.0,39480718.0,586.08,586.08,6.08,391035.0,118254.0,108807.0,-9447.0,-15234.0,31.510222870075566,56950000000.0,15242.853
156,2024-12-31,IBM US Equity,219.83,219.83,203264743764.16003,2270512.0,586.08,586.08,6.87,62582.0,13578.0,12533.0,-1045.0,-6119.0,13.593365504458152,24530000000.0,923.6
157,2025-01-31,IBM US Equity,255.7,255.7,236431765366.40002,7203519.0,601.82,601.82,6.43,62753.0,13445.0,12318.0,-1127.0,-6147.0,13.360317435023028,27393000000.0,942.4
158,2025-02-07,IBM US Equity,252.33999633789062,252.33999633789062,233324954269.52832,3362408.0,600.77001953125,600.77001953125,6.43,62753.0,13445.0,12318.0,-1127.0,-6147.0,13.360317435023028,27393000000.0,942.4
159,2024-12-31,AAPL US Equity,250.42,250.42,3785304395660.0,39480718.0,586.08,586.08,6.08,391035.0,118254.0,108807.0,-9447.0,-15234.0,31.510222870075566,56950000000.0,15242.853
160,2025-01-31,AAPL US Equity,236.0,236.0,3545209228000.0,101075128.0,601.82,601.82,6.3,395760.0,108294.0,98299.0,-9995.0,-15265.0,31.75535678188801,66758000000.0,15150.865
161,2025-02-07,AAPL US Equity,227.6300048828125,227.6300048828125,3419474550339.9663,39454154.0,600.77001953125,600.77001953125,6.3,395760.0,108294.0,98299.0,-9995.0,-15265.0,31.75535678188801,66758000000.0,15150.865
